% Dataflow
@book{lucid,
author = {William W. Wadge, Edward A. Ashcroft},
title = {Lucid, the Dataflow Programming Language},
publisher = {Academic Press},
year = 1985
}

% FRP
@article{big,
author = {Jass, Hugh},
title = {A big paper},
journal = {The journal of big papers},
year = 7991,
volume = {MCMXCVII},
}


% Optimization

% IoT

% Big Data

% Node placement

% Robotics
